% keys fuer books: author oder editor, title, publisher, year
%           optinal: volume, number, pages, month, note

@book{Boege2011,
  author    = {Alfred BÃ¶ge},
  title     = {Handbuch Maschinenbau},
  edition   = {20},
  isbn      = {9783834898982},
  pagetotal = {1466},
  publisher = {Vieweg+Teubner Verlag},
  url       = {https://www.ebook.de/de/product/19110986/handbuch_maschinenbau.html},
  ean       = {9783834898982},
  year      = {2011}
}

@article{ctan,
  author   = {George D. Greenwade},
  title    = {The {C}omprehensive {T}ex {A}rchive {N}etwork ({CTAN})},
  year     = {1993},
  journal  = {TUGBoat},
  volume   = {14},
  number   = {3},
  pages    = {342--351},
  keywords = {latex}
}

@book{Decker2018,
  author    = {Decker, Karl-Heinz},
  date      = {2018-03-12},
  title     = {Decker Maschinenelemente},
  isbn      = {3446450297},
  pagetotal = {87},
  publisher = {Hanser Fachbuchverlag},
  url       = {https://www.ebook.de/de/product/31662247/karl_heinz_decker_decker_maschinenelemente.html},
  ean       = {9783446450295},
  year      = {2018}
}

 
@book{dirac,
  title     = {The Principles of Quantum Mechanics},
  author    = {Paul Adrien Maurice Dirac},
  isbn      = {9780198520115},
  series    = {International series of monographs on physics},
  year      = {1981},
  publisher = {Clarendon Press},
  keywords  = {physics}
}

@article{einstein,
  author   = {Albert Einstein},
  title    = {{Zur Elektrodynamik bewegter K{\"o}rper}. ({German})
              [{On} the electrodynamics of moving bodies]},
  journal  = {Annalen der Physik},
  volume   = {322},
  number   = {10},
  pages    = {891--921},
  year     = {1905},
  doi      = {http://dx.doi.org/10.1002/andp.19053221004},
  keywords = {physics}
}

@article{Flutter:dagne2019,
  title  = {Flutter for cross-platform App and SDK development},
  author = {Dagne, Lukas},
  year   = {2019}
}

@misc{Flutter:FetchData,
  title = {{Fetch data from the internet}},
  year  = {2025},
  month = jan,
  note  = {[Online; accessed 22. Jan. 2025]},
  url   = {https://docs.flutter.dev/cookbook/networking/fetch-data}
}

@book{Flutter:FlutterForBeginners,
  title = {{Flutter for Beginners}},
  url   = {https://books.google.at/books?hl=de&lr=&id=pF6vDwAAQBAJ&oi=fnd&pg=PP1&dq=benefits+dart+language&ots=dZJWUGVs4x&sig=a196WqhXmQzuy23cmcKpEpIqn_k&redir_esc=y#v=onepage&q=benefits%20dart%20language&f=false}
}

 
@misc{Flutter:ReadMe,
  title = {{flutter/README.md at master {$\cdot$} flutter/flutter}},
  year  = {2025},
  month = jan,
  note  = {[Online; accessed 23. Jan. 2025]},
  url   = {https://github.com/flutter/flutter/blob/master/README.md}
}

@misc{GH:installation,
  title   = {{Host Your Own Worldwide Route Calculator With GraphHopper - GraphHopper Directions API}},
  journal = {GraphHopper Directions API},
  year    = {2024},
  month   = apr,
  note    = {[Online; accessed 30. Jan. 2025]},
  url     = {https://www.graphhopper.com/blog/2022/06/27/host-your-own-worldwide-route-calculator-with-graphhopper}
}

@misc{GH:readMe,
  title   = {{graphhopper}},
  journal = {GitHub},
  year    = {2025},
  month   = jan,
  note    = {[Online; accessed 30. Jan. 2025]},
  url     = {https://github.com/graphhopper/graphhopper}
}

@Comment{jabref-meta: databaseType:biblatex;}

@misc{HTL-Kaindorf-2,
  author       = {HTL-Kaindorf},
  title        = {HTL-Kaindorf Home},
  language     = {de-at},
  url          = {https://www.htl-kaindorf.at/},
  urldate      = {2022-01-05},
  journaltitle = {www.htl-kaindorf.at}
}

@misc{htl-kaindorf:web,
  howpublished = {\url{http://www.htl-kaindorf.at}},
  author       = {HTL-Kaindorf},
  title        = {Webseite der HTL-Kaindorf},
  month        = {Dez},
  year         = {2019},
  note         = {Accessed on 2019-12-24}
}

@misc{IntelliJ:JetBrains,
  title   = {{IntelliJ IDEA {\textendash} the Leading Java and Kotlin IDE}},
  journal = {JetBrains},
  year    = {2025},
  month   = jan,
  note    = {[Online; accessed 30. Jan. 2025]},
  url     = {https://www.jetbrains.com/idea}
}

@misc{IntelliJ:Wikipedia,
  author = {{Contributors to Wikimedia projects}},
  title  = {{IntelliJ IDEA - Wikipedia}},
  year   = {2025},
  month  = jan,
  note   = {[Online; accessed 30. Jan. 2025]},
  url    = {https://en.wikipedia.org/w/index.php?title=IntelliJ_IDEA&oldid=1272820016}
}

@book{knuth-acp,
  author    = {Donald E. Knuth},
  title     = {The Art of Computer Programming},
  note      = {Seven volumes planned},
  publisher = {Addison-Wesley},
  series    = {Four volumes},
  keywords  = {knuth, programming},
  year      = {1968}
}

@inbook{knuth-fa,
  author    = {Donald E. Knuth},
  title     = {Fundamental Algorithms},
  chapter   = {1.2},
  publisher = {Addison-Wesley},
  keywords  = {knuth, programming},
  year      = {1973}
}

 @online{knuthwebsite,
  author   = {Donald Knuth},
  title    = {Knuth: Computers and Typesetting},
  url      = {http://www-cs-faculty.stanford.edu/~uno/abcde.html},
  addendum = {(accessed: 01.09.2016)},
  keywords = {latex, knuth}
}

@book{latexcompanion,
  author    = {Michel Goossens and Frank Mittelbach and Alexander Samarin},
  title     = {The \LaTeX\ Companion},
  year      = {1993},
  publisher = {Addison-Wesley},
  address   = {Reading, Massachusetts},
  keywords  = {latex}
}

@misc{OSM:Wayback,
  title = {{OSM: The simple map that became a global movement}},
  year  = {2025},
  month = jan,
  note  = {[Online; accessed 28. Jan. 2025]},
  url   = {https://web.archive.org/web/20240420144212/https://www.directionsmag.com/article/1163}
}

@misc{OSM:wiki,
  author = {OpenStreetMap Wiki},
  title  = {Main Page --- OpenStreetMap Wiki{,} },
  year   = {2024},
  url    = {https://wiki.openstreetmap.org/w/index.php?title=Main_Page&oldid=2752444},
  note   = {[Online; accessed 28-January-2025]}
}

@misc{VSCode:electron,
  title   = {{What is the Visual Studio Code editor built on}},
  journal = {Stack Overflow},
  year    = {2025},
  month   = jan,
  note    = {[Online; accessed 30. Jan. 2025]},
  url     = {https://stackoverflow.com/questions/29966093/what-is-the-visual-studio-code-editor-built-on}
}

@misc{VSCode:readMe,
  title   = {{vscode}},
  journal = {GitHub},
  year    = {2025},
  month   = jan,
  note    = {[Online; accessed 30. Jan. 2025]},
  url     = {https://github.com/microsoft/vscode}
}

@misc{VSCode:web,
  title = {{Visual Studio Code for the Web}},
  year  = {2025},
  month = jan,
  note  = {[Online; accessed 30. Jan. 2025]},
  url   = {https://code.visualstudio.com/docs/editor/vscode-web}
}